<?xml version="1.0" encoding="UTF-8"?>
<!DOCTYPE html PUBLIC "-//W3C//DTD XHTML 1.0 Transitional//EN"
    "http://www.w3.org/TR/xhtml1/DTD/xhtml1-transitional.dtd">
<html xmlns="http://www.w3.org/1999/xhtml" xml:lang="en" lang="en">
 <head>
  <title>
</title>
<meta http-equiv="Content-Type" content="text/html;charset=utf-8" />
  <meta name='ocr-system' content='tesseract 3.04.00' />
  <meta name='ocr-capabilities' content='ocr_page ocr_carea ocr_par ocr_line ocrx_word'/>
</head>
<body>
  <div class='ocr_page' id='page_1' title='image "./enumeratioplant00savagoog_0651.png"; bbox 0 0 3481 5526; ppageno 0'>
   <div class='ocr_carea' id='block_1_1' title="bbox 337 3179 550 3265">
    <p class='ocr_par' dir='ltr' id='par_1_1' title="bbox 337 3179 550 3265">
     <span class='ocr_line' id='line_1_1' title="bbox 337 3179 550 3265; baseline 0 -23"><span class='ocrx_word' id='word_1_1' title='bbox 337 3179 550 3265; x_wconf 70' lang='lat'><strong>(2453).</strong></span> 
     </span>
    </p>
   </div>
   <div class='ocr_carea' id='block_1_2' title="bbox 927 560 2772 621">
    <p class='ocr_par' dir='ltr' id='par_1_2' title="bbox 927 560 2772 621">
     <span class='ocr_line' id='line_1_2' title="bbox 927 560 2772 621; baseline -0.001 -1"><span class='ocrx_word' id='word_1_2' title='bbox 927 566 1003 620; x_wconf 88' lang='lat' dir='ltr'><strong>EN</strong></span> <span class='ocrx_word' id='word_1_3' title='bbox 1012 564 1315 621; x_wconf 68' lang='lat' dir='ltr'><strong>UMERATto</strong></span> <span class='ocrx_word' id='word_1_4' title='bbox 1351 560 1714 620; x_wconf 67' lang='lat' dir='ltr'>PLANTARUM</span> <span class='ocrx_word' id='word_1_5' title='bbox 1750 561 2186 620; x_wconf 72' lang='lat' dir='ltr'>JAPONICARUM.</span> <span class='ocrx_word' id='word_1_6' title='bbox 2679 565 2772 618; x_wconf 68' lang='lat'><strong>641</strong></span> 
     </span>
    </p>
   </div>
   <div class='ocr_carea' id='block_1_3' title="bbox 882 805 2637 878">
    <p class='ocr_par' dir='ltr' id='par_1_3' title="bbox 882 805 2637 878">
     <span class='ocr_line' id='line_1_3' title="bbox 882 805 2637 878; baseline 0.002 -19"><span class='ocrx_word' id='word_1_7' title='bbox 882 805 1153 869; x_wconf 87' lang='lat' dir='ltr'><strong>distantia;</strong></span> <span class='ocrx_word' id='word_1_8' title='bbox 1184 805 1285 859; x_wconf 89' lang='lat' dir='ltr'><strong>lobi</strong></span> <span class='ocrx_word' id='word_1_9' title='bbox 1306 805 1470 860; x_wconf 87' lang='lat' dir='ltr'><strong>ultimi</strong></span> <span class='ocrx_word' id='word_1_10' title='bbox 1500 805 1696 860; x_wconf 79' lang='lat' dir='ltr'>ordinis</span> <span class='ocrx_word' id='word_1_11' title='bbox 1724 805 1906 860; x_wconf 83' lang='lat' dir='ltr'><strong>obtuse</strong></span> <span class='ocrx_word' id='word_1_12' title='bbox 1933 805 2156 870; x_wconf 87' lang='lat' dir='ltr'><strong>crenati;</strong></span> <span class='ocrx_word' id='word_1_13' title='bbox 2186 807 2327 861; x_wconf 89' lang='lat' dir='ltr'><strong>srons</strong></span> <span class='ocrx_word' id='word_1_14' title='bbox 2357 806 2637 878; x_wconf 74' lang='lat' dir='ltr'>tripedalis,</span> 
     </span>
    </p>
   </div>
   <div class='ocr_carea' id='block_1_4' title="bbox 652 896 2783 1485">
    <p class='ocr_par' dir='ltr' id='par_1_4' title="bbox 652 896 2783 1485">
     <span class='ocr_line' id='line_1_4' title="bbox 2075 896 2639 967; baseline 0.009 -22"><span class='ocrx_word' id='word_1_15' title='bbox 2075 917 2145 945; x_wconf 62' lang='grc' dir='ltr'>ε</span> <span class='ocrx_word' id='word_1_16' title='bbox 2175 896 2301 967; x_wconf 76' lang='lat' dir='ltr'><strong>Asp.</strong></span> <span class='ocrx_word' id='word_1_17' title='bbox 2335 912 2639 950; x_wconf 76' lang='lat' dir='ltr'><strong>senanense.</strong></span> 
     </span>
     <span class='ocr_line' id='line_1_5' title="bbox 812 982 2642 1057; baseline -0.001 -18"><span class='ocrx_word' id='word_1_18' title='bbox 812 983 1018 1039; x_wconf 80' lang='lat' dir='ltr'>Lamina</span> <span class='ocrx_word' id='word_1_19' title='bbox 1062 982 1263 1057; x_wconf 85' lang='lat' dir='ltr'><strong>copiose</strong></span> <span class='ocrx_word' id='word_1_20' title='bbox 1297 982 1718 1055; x_wconf 75' lang='lat' dir='ltr'><strong>5-4dripinnata;</strong></span> <span class='ocrx_word' id='word_1_21' title='bbox 1760 990 2018 1056; x_wconf 86' lang='lat' dir='ltr'><strong>segmenta</strong></span> <span class='ocrx_word' id='word_1_22' title='bbox 2049 984 2412 1055; x_wconf 88' lang='lat' dir='ltr'><strong>cujuscumque</strong></span> <span class='ocrx_word' id='word_1_23' title='bbox 2443 983 2642 1039; x_wconf 77' lang='lat' dir='ltr'>ordinis</span> 
     </span>
     <span class='ocr_line' id='line_1_6' title="bbox 883 1072 2783 1145; baseline -0.001 -17"><span class='ocrx_word' id='word_1_24' title='bbox 883 1073 1039 1128; x_wconf 86' lang='lat' dir='ltr'><strong>dense</strong></span> <span class='ocrx_word' id='word_1_25' title='bbox 1070 1072 1430 1145; x_wconf 83' lang='lat' dir='ltr'><strong>approximata,</strong></span> <span class='ocrx_word' id='word_1_26' title='bbox 1458 1080 1602 1126; x_wconf 84' lang='lat' dir='ltr'><strong>acute</strong></span> <span class='ocrx_word' id='word_1_27' title='bbox 1629 1073 1829 1127; x_wconf 84' lang='lat' dir='ltr'><strong>dentata</strong></span> <span class='ocrx_word' id='word_1_28' title='bbox 1839 1112 2631 1132; x_wconf 89' lang='grc'><strong>............</strong></span> <span class='ocrx_word' id='word_1_29' title='bbox 2716 1074 2783 1127; x_wconf 77' lang='lat'><strong>50</strong></span> 
     </span>
     <span class='ocr_line' id='line_1_7' title="bbox 757 1161 2643 1485; baseline -0.001 -267"><span class='ocrx_word' id='word_1_30' title='bbox 757 1170 783 1485; x_wconf 54' lang='grc' dir='ltr'>ἓ</span> <span class='ocrx_word' id='word_1_31' title='bbox 811 1163 939 1219; x_wconf 77' lang='lat' dir='ltr'><strong>Laete</strong></span> <span class='ocrx_word' id='word_1_32' title='bbox 964 1163 1153 1227; x_wconf 78' lang='lat' dir='ltr'><strong>virens,</strong></span> <span class='ocrx_word' id='word_1_33' title='bbox 1184 1162 1379 1226; x_wconf 88' lang='lat' dir='ltr'><strong>mollis,</strong></span> <span class='ocrx_word' id='word_1_34' title='bbox 1413 1162 1730 1217; x_wconf 77' lang='lat' dir='ltr'><strong>translucens</strong></span> <span class='ocrx_word' id='word_1_35' title='bbox 1755 1182 1770 1226; x_wconf 87' lang='lat'>;</span> <span class='ocrx_word' id='word_1_36' title='bbox 1800 1163 1904 1217; x_wconf 88' lang='lat' dir='ltr'><strong>sori</strong></span> <span class='ocrx_word' id='word_1_37' title='bbox 1937 1161 2125 1235; x_wconf 68' lang='lat' dir='ltr'><strong>saepius</strong></span> <span class='ocrx_word' id='word_1_38' title='bbox 2155 1162 2210 1216; x_wconf 87' lang='lat' dir='ltr'><strong>in</strong></span> <span class='ocrx_word' id='word_1_39' title='bbox 2239 1162 2412 1216; x_wconf 84' lang='lat' dir='ltr'><strong>medio</strong></span> <span class='ocrx_word' id='word_1_40' title='bbox 2442 1161 2643 1217; x_wconf 65' lang='lat' dir='ltr'><strong>laminae</strong></span> 
     </span>
     <span class='ocr_line' id='line_1_8' title="bbox 652 1298 721 1352; baseline -0.014 0"><span class='ocrx_word' id='word_1_41' title='bbox 652 1298 721 1352; x_wconf 80' lang='lat'><strong>59</strong></span> 
     </span>
    </p>
   </div>
   <div class='ocr_carea' id='block_1_5' title="bbox 651 707 2632 1145">
    <p class='ocr_par' dir='ltr' id='par_1_5' title="bbox 651 707 2632 1145">
     <span class='ocr_line' id='line_1_9' title="bbox 808 707 2632 791; baseline 0 -18"><span class='ocrx_word' id='word_1_42' title='bbox 808 717 1013 773; x_wconf 80' lang='lat' dir='ltr'><strong>Lamina</strong></span> <span class='ocrx_word' id='word_1_43' title='bbox 1053 716 1428 791; x_wconf 78' lang='lat' dir='ltr'><strong>decomposita3</strong></span> <span class='ocrx_word' id='word_1_44' title='bbox 1476 724 1737 790; x_wconf 80' lang='lat' dir='ltr'><strong>segmenta</strong></span> <span class='ocrx_word' id='word_1_45' title='bbox 1782 716 2144 789; x_wconf 85' lang='lat' dir='ltr'><strong>cujuscumque</strong></span> <span class='ocrx_word' id='word_1_46' title='bbox 2182 707 2378 772; x_wconf 77' lang='lat' dir='ltr'><strong>ordinis</strong></span> <span class='ocrx_word' id='word_1_47' title='bbox 2419 717 2632 781; x_wconf 86' lang='lat' dir='ltr'><strong>alterna,</strong></span> 
     </span>
     <span class='ocr_line' id='line_1_10' title="bbox 651 747 784 1145; baseline -0.008 -191"><span class='ocrx_word' id='word_1_48' title='bbox 651 899 720 954; x_wconf 78' lang='lat'><strong>58</strong></span> <span class='ocrx_word' id='word_1_49' title='bbox 761 747 784 1145; x_wconf 48' lang='grc' dir='ltr'><em>ἶ</em></span> 
     </span>
    </p>
   </div>
   <div class='ocr_carea' id='block_1_6' title="bbox 810 1251 2640 1500">
    <p class='ocr_par' dir='ltr' id='par_1_6' title="bbox 810 1251 2640 1500">
     <span class='ocr_line' id='line_1_11' title="bbox 882 1251 2638 1324; baseline -0.001 -17"><span class='ocrx_word' id='word_1_50' title='bbox 882 1251 1110 1324; x_wconf 76' lang='lat' dir='ltr'><strong>congesti</strong></span> <span class='ocrx_word' id='word_1_51' title='bbox 1148 1290 1951 1311; x_wconf 89' lang='grc'><strong>............</strong></span> <span class='ocrx_word' id='word_1_52' title='bbox 2032 1273 2102 1301; x_wconf 90' lang='grc'><strong>-.-.</strong></span> <span class='ocrx_word' id='word_1_53' title='bbox 2130 1251 2257 1324; x_wconf 76' lang='lat' dir='ltr'><strong>Asp.</strong></span> <span class='ocrx_word' id='word_1_54' title='bbox 2311 1252 2638 1306; x_wconf 75' lang='lat' dir='ltr'><strong>viridescens.</strong></span> 
     </span>
     <span class='ocr_line' id='line_1_12' title="bbox 810 1336 2634 1413; baseline -0.001 -18"><span class='ocrx_word' id='word_1_55' title='bbox 810 1340 1000 1396; x_wconf 72' lang='lat' dir='ltr'><strong>Pallida</strong></span> <span class='ocrx_word' id='word_1_56' title='bbox 1024 1340 1214 1405; x_wconf 79' lang='lat' dir='ltr'><strong>virens,</strong></span> <span class='ocrx_word' id='word_1_57' title='bbox 1243 1338 1591 1404; x_wconf 85' lang='lat' dir='ltr'><strong>subcoriacea,</strong></span> <span class='ocrx_word' id='word_1_58' title='bbox 1622 1339 1735 1413; x_wconf 87' lang='lat' dir='ltr'><strong>plus</strong></span> <span class='ocrx_word' id='word_1_59' title='bbox 1765 1336 2108 1412; x_wconf 83' lang='lat' dir='ltr'><strong>minus‘opaca</strong></span> <span class='ocrx_word' id='word_1_60' title='bbox 2123 1379 2634 1401; x_wconf 90' lang='grc'><strong>........</strong></span> 
     </span>
     <span class='ocr_line' id='line_1_13' title="bbox 1925 1427 2640 1500; baseline 0.004 -22"><span class='ocrx_word' id='word_1_61' title='bbox 1925 1449 1998 1477; x_wconf 85' lang='grc'>·;.-</span> <span class='ocrx_word' id='word_1_62' title='bbox 2018 1429 2142 1500; x_wconf 78' lang='lat' dir='ltr'><strong>Asp.</strong></span> <span class='ocrx_word' id='word_1_63' title='bbox 2172 1427 2640 1500; x_wconf 77' lang='lat' dir='ltr'><strong>laserpitiifolium.</strong></span> 
     </span>
    </p>
   </div>
   <div class='ocr_carea' id='block_1_7' title="bbox 649 1621 2790 2836">
    <p class='ocr_par' dir='ltr' id='par_1_7' title="bbox 654 1621 2788 1785">
     <span class='ocr_line' id='line_1_14' title="bbox 717 1621 2788 1696; baseline -0.001 -14"><span class='ocrx_word' id='word_1_64' title='bbox 717 1625 922 1683; x_wconf 70' lang='lat' dir='ltr'><strong>observ.</strong></span> <span class='ocrx_word' id='word_1_65' title='bbox 959 1655 1026 1664; x_wconf 93' lang='lat'>-</span> <span class='ocrx_word' id='word_1_66' title='bbox 1069 1624 1200 1678; x_wconf 82' lang='lat' dir='ltr'><strong>Nous</strong></span> <span class='ocrx_word' id='word_1_67' title='bbox 1245 1640 1400 1677; x_wconf 82' lang='lat' dir='ltr'><strong>avons</strong></span> <span class='ocrx_word' id='word_1_68' title='bbox 1446 1621 1517 1676; x_wconf 78' lang='lat' dir='ltr'><strong>du</strong></span> <span class='ocrx_word' id='word_1_69' title='bbox 1561 1621 1795 1693; x_wconf 76' lang='lat' dir='ltr'><strong>negliger</strong></span> <span class='ocrx_word' id='word_1_70' title='bbox 1831 1621 1903 1675; x_wconf 91' lang='lat' dir='ltr'><strong>les</strong></span> <span class='ocrx_word' id='word_1_71' title='bbox 1954 1624 2161 1695; x_wconf 75' lang='lat' dir='ltr'><strong>especcs</strong></span> <span class='ocrx_word' id='word_1_72' title='bbox 2204 1622 2462 1678; x_wconf 82' lang='lat' dir='ltr'><strong>suivantes</strong></span> <span class='ocrx_word' id='word_1_73' title='bbox 2513 1642 2611 1696; x_wconf 85' lang='lat' dir='ltr'><strong>que</strong></span> <span class='ocrx_word' id='word_1_74' title='bbox 2658 1642 2788 1679; x_wconf 90' lang='lat' dir='ltr'><strong>nous</strong></span> 
     </span>
     <span class='ocr_line' id='line_1_15' title="bbox 654 1714 1293 1785; baseline -0.003 -17"><span class='ocrx_word' id='word_1_75' title='bbox 654 1714 866 1768; x_wconf 75' lang='lat' dir='ltr'><strong>n’avons</strong></span> <span class='ocrx_word' id='word_1_76' title='bbox 892 1729 981 1785; x_wconf 89' lang='lat' dir='ltr'><strong>pas</strong></span> <span class='ocrx_word' id='word_1_77' title='bbox 1003 1728 1127 1765; x_wconf 75' lang='lat' dir='ltr'><strong>vues</strong></span> <span class='ocrx_word' id='word_1_78' title='bbox 1159 1726 1172 1766; x_wconf 89' lang='lat'>:</span> <span class='ocrx_word' id='word_1_79' title='bbox 1285 1718 1293 1725; x_wconf 83' lang='lat'><strong><em>&#39;</em></strong></span> 
     </span>
    </p>

    <p class='ocr_par' dir='ltr' id='par_1_8' title="bbox 649 1796 2789 2142">
     <span class='ocr_line' id='line_1_16' title="bbox 688 1796 2788 1875; baseline 0 -19"><span class='ocrx_word' id='word_1_80' title='bbox 688 1803 813 1875; x_wconf 73' lang='lat' dir='ltr'><strong>Asp.</strong></span> <span class='ocrx_word' id='word_1_81' title='bbox 852 1800 1384 1855; x_wconf 78' lang='lat' dir='ltr'><strong>maximoviczianum</strong></span> <span class='ocrx_word' id='word_1_82' title='bbox 1411 1796 1528 1870; x_wconf 68' lang='lat' dir='ltr'><strong>ttiq.</strong></span> <span class='ocrx_word' id='word_1_83' title='bbox 1553 1828 1618 1838; x_wconf 90' lang='lat'>—</span> <span class='ocrx_word' id='word_1_84' title='bbox 1647 1798 1834 1871; x_wconf 77' lang='lat' dir='ltr'><strong>Espece</strong></span> <span class='ocrx_word' id='word_1_85' title='bbox 1859 1796 2055 1852; x_wconf 79' lang='lat' dir='ltr'><strong>voisine</strong></span> <span class='ocrx_word' id='word_1_86' title='bbox 2092 1798 2154 1851; x_wconf 85' lang='lat' dir='ltr'><strong>de</strong></span> <span class='ocrx_word' id='word_1_87' title='bbox 2201 1797 2364 1870; x_wconf 80' lang='lat' dir='ltr'><strong>l&#39;Asp.</strong></span> <span class='ocrx_word' id='word_1_88' title='bbox 2408 1800 2788 1872; x_wconf 76' lang='lat' dir='ltr'><strong>miquelianum</strong></span> 
     </span>
     <span class='ocr_line' id='line_1_17' title="bbox 649 1886 2789 1964; baseline 0 -19"><span class='ocrx_word' id='word_1_89' title='bbox 649 1898 700 1945; x_wconf 84' lang='lat' dir='ltr'><strong>et</strong></span> <span class='ocrx_word' id='word_1_90' title='bbox 725 1889 789 1944; x_wconf 78' lang='lat' dir='ltr'><strong>(le</strong></span> <span class='ocrx_word' id='word_1_91' title='bbox 818 1889 980 1961; x_wconf 68' lang='lat' dir='ltr'><strong>l‘Asp.</strong></span> <span class='ocrx_word' id='word_1_92' title='bbox 1019 1888 1489 1959; x_wconf 68' lang='lat' dir='ltr'><strong>subtr-inimatum,</strong></span> <span class='ocrx_word' id='word_1_93' title='bbox 1539 1886 1671 1941; x_wconf 89' lang='lat' dir='ltr'><strong>mais</strong></span> <span class='ocrx_word' id='word_1_94' title='bbox 1694 1886 1781 1959; x_wconf 89' lang='lat' dir='ltr'><strong>qui</strong></span> <span class='ocrx_word' id='word_1_95' title='bbox 1810 1889 1972 1961; x_wconf 81' lang='lat' dir='ltr'><strong>parait</strong></span> <span class='ocrx_word' id='word_1_96' title='bbox 1999 1905 2064 1941; x_wconf 91' lang='lat' dir='ltr'><strong>en</strong></span> <span class='ocrx_word' id='word_1_97' title='bbox 2110 1887 2322 1942; x_wconf 75' lang='lat' dir='ltr'><strong>disserer</strong></span> <span class='ocrx_word' id='word_1_98' title='bbox 2351 1896 2567 1953; x_wconf 89' lang='lat' dir='ltr'><strong>surtout,</strong></span> <span class='ocrx_word' id='word_1_99' title='bbox 2589 1890 2789 1964; x_wconf 73' lang='lat' dir='ltr'><strong>d&#39;apres</strong></span> 
     </span>
     <span class='ocr_line' id='line_1_18' title="bbox 651 1976 2789 2053; baseline 0.001 -20"><span class='ocrx_word' id='word_1_100' title='bbox 651 1981 697 2035; x_wconf 90' lang='lat' dir='ltr'><strong>la</strong></span> <span class='ocrx_word' id='word_1_101' title='bbox 726 1978 1057 2053; x_wconf 84' lang='lat' dir='ltr'><strong>description.</strong></span> <span class='ocrx_word' id='word_1_102' title='bbox 1087 1996 1175 2052; x_wconf 92' lang='lat' dir='ltr'><strong>par</strong></span> <span class='ocrx_word' id='word_1_103' title='bbox 1202 1993 1293 2031; x_wconf 89' lang='lat' dir='ltr'><strong>son</strong></span> <span class='ocrx_word' id='word_1_104' title='bbox 1322 1977 1491 2031; x_wconf 78' lang='lat' dir='ltr'><strong>rach.s</strong></span> <span class='ocrx_word' id='word_1_105' title='bbox 1518 1984 1723 2032; x_wconf 78' lang='lat' dir='ltr'><strong>convert</strong></span> <span class='ocrx_word' id='word_1_106' title='bbox 1751 1976 2005 2032; x_wconf 64' lang='lat' dir='ltr'><strong>d&#39;ecailles</strong></span> <span class='ocrx_word' id='word_1_107' title='bbox 2036 1977 2239 2042; x_wconf 77' lang='lat' dir='ltr'><strong>etalces,</strong></span> <span class='ocrx_word' id='word_1_108' title='bbox 2270 1977 2403 2032; x_wconf 84' lang='lat' dir='ltr'><strong>celui</strong></span> <span class='ocrx_word' id='word_1_109' title='bbox 2441 1979 2531 2033; x_wconf 84' lang='lat' dir='ltr'><strong>des</strong></span> <span class='ocrx_word' id='word_1_110' title='bbox 2552 1979 2789 2052; x_wconf 85' lang='lat' dir='ltr'><strong>pinnulcs</strong></span> 
     </span>
     <span class='ocr_line' id='line_1_19' title="bbox 651 2066 1363 2142; baseline -0.007 -18"><span class='ocrx_word' id='word_1_111' title='bbox 651 2071 787 2124; x_wconf 75' lang='lat' dir='ltr'><strong>etant</strong></span> <span class='ocrx_word' id='word_1_112' title='bbox 809 2070 979 2123; x_wconf 71' lang='lat' dir='ltr'><strong>meme</strong></span> <span class='ocrx_word' id='word_1_113' title='bbox 1008 2086 1077 2122; x_wconf 87' lang='lat' dir='ltr'><strong>un</strong></span> <span class='ocrx_word' id='word_1_114' title='bbox 1099 2085 1199 2142; x_wconf 88' lang='lat' dir='ltr'><strong>peu</strong></span> <span class='ocrx_word' id='word_1_115' title='bbox 1228 2066 1363 2120; x_wconf 81' lang='lat' dir='ltr'><strong>velu.</strong></span> 
     </span>
    </p>

    <p class='ocr_par' dir='ltr' id='par_1_9' title="bbox 652 2153 2790 2497">
     <span class='ocr_line' id='line_1_20' title="bbox 724 2153 2790 2231; baseline 0 -18"><span class='ocrx_word' id='word_1_116' title='bbox 724 2159 848 2231; x_wconf 80' lang='lat' dir='ltr'><strong>Asp.</strong></span> <span class='ocrx_word' id='word_1_117' title='bbox 872 2162 1263 2213; x_wconf 75' lang='lat' dir='ltr'><strong>commutatum.</strong></span> <span class='ocrx_word' id='word_1_118' title='bbox 1295 2186 1366 2199; x_wconf 90' lang='lat'>—</span> <span class='ocrx_word' id='word_1_119' title='bbox 1393 2156 1525 2212; x_wconf 86' lang='lat' dir='ltr'><strong>Nous</strong></span> <span class='ocrx_word' id='word_1_120' title='bbox 1555 2163 1838 2228; x_wconf 87' lang='lat' dir='ltr'><strong>regrettons</strong></span> <span class='ocrx_word' id='word_1_121' title='bbox 1867 2154 1929 2210; x_wconf 91' lang='lat' dir='ltr'><strong>de</strong></span> <span class='ocrx_word' id='word_1_122' title='bbox 1961 2153 2151 2210; x_wconf 83' lang='lat' dir='ltr'><strong>n’avoir</strong></span> <span class='ocrx_word' id='word_1_123' title='bbox 2173 2173 2241 2228; x_wconf 90' lang='lat' dir='ltr'><strong>pu</strong></span> <span class='ocrx_word' id='word_1_124' title='bbox 2284 2156 2331 2209; x_wconf 90' lang='lat' dir='ltr'><strong>le</strong></span> <span class='ocrx_word' id='word_1_125' title='bbox 2370 2174 2633 2231; x_wconf 89' lang='lat' dir='ltr'><strong>comparer</strong></span> <span class='ocrx_word' id='word_1_126' title='bbox 2668 2176 2790 2213; x_wconf 76' lang='lat' dir='ltr'><strong>avec</strong></span> 
     </span>
     <span class='ocr_line' id='line_1_21' title="bbox 656 2243 2790 2320; baseline -0 -18"><span class='ocrx_word' id='word_1_127' title='bbox 656 2247 842 2320; x_wconf 73' lang='lat' dir='ltr'><strong>1‘Asp1.</strong></span> <span class='ocrx_word' id='word_1_128' title='bbox 870 2246 1139 2318; x_wconf 80' lang='lat' dir='ltr'><strong>callopsis,</strong></span> <span class='ocrx_word' id='word_1_129' title='bbox 1172 2245 1303 2299; x_wconf 86' lang='lat' dir='ltr'><strong>mais</strong></span> <span class='ocrx_word' id='word_1_130' title='bbox 1329 2245 1394 2299; x_wconf 76' lang='lat' dir='ltr'><strong>M.</strong></span> <span class='ocrx_word' id='word_1_131' title='bbox 1437 2244 1597 2299; x_wconf 83' lang='lat' dir='ltr'><strong>Baker</strong></span> <span class='ocrx_word' id='word_1_132' title='bbox 1633 2244 1913 2316; x_wconf 75' lang='lat' dir='ltr'><strong>n&#39;attribue</strong></span> <span class='ocrx_word' id='word_1_133' title='bbox 1941 2243 2080 2316; x_wconf 87' lang='lat' dir='ltr'><strong>point</strong></span> <span class='ocrx_word' id='word_1_134' title='bbox 2129 2247 2154 2298; x_wconf 70' lang='lat' dir='ltr'><strong>a</strong></span> <span class='ocrx_word' id='word_1_135' title='bbox 2186 2261 2277 2298; x_wconf 89' lang='lat' dir='ltr'><strong>son</strong></span> <span class='ocrx_word' id='word_1_136' title='bbox 2305 2247 2483 2317; x_wconf 72' lang='lat' dir='ltr'><strong>espece</strong></span> <span class='ocrx_word' id='word_1_137' title='bbox 2512 2245 2557 2300; x_wconf 91' lang='lat' dir='ltr'><strong>la</strong></span> <span class='ocrx_word' id='word_1_138' title='bbox 2587 2246 2790 2304; x_wconf 85' lang='lat' dir='ltr'><strong>consis-</strong></span> 
     </span>
     <span class='ocr_line' id='line_1_22' title="bbox 655 2332 2789 2407; baseline -0 -16"><span class='ocrx_word' id='word_1_139' title='bbox 655 2346 803 2392; x_wconf 87' lang='lat' dir='ltr'><strong>tance</strong></span> <span class='ocrx_word' id='word_1_140' title='bbox 821 2335 974 2390; x_wconf 90' lang='lat' dir='ltr'><strong>molle</strong></span> <span class='ocrx_word' id='word_1_141' title='bbox 1004 2334 1091 2407; x_wconf 90' lang='lat' dir='ltr'><strong>qui</strong></span> <span class='ocrx_word' id='word_1_142' title='bbox 1111 2333 1410 2389; x_wconf 77' lang='lat' dir='ltr'><strong>caracterise</strong></span> <span class='ocrx_word' id='word_1_143' title='bbox 1436 2334 1477 2389; x_wconf 87' lang='lat' dir='ltr'><strong>si</strong></span> <span class='ocrx_word' id='word_1_144' title='bbox 1505 2334 1625 2389; x_wconf 92' lang='lat' dir='ltr'><strong>bicn</strong></span> <span class='ocrx_word' id='word_1_145' title='bbox 1651 2334 1701 2388; x_wconf 89' lang='lat' dir='ltr'><strong>la</strong></span> <span class='ocrx_word' id='word_1_146' title='bbox 1729 2335 1894 2399; x_wconf 79' lang='lat' dir='ltr'><strong>notre,</strong></span> <span class='ocrx_word' id='word_1_147' title='bbox 1918 2333 2042 2388; x_wconf 84' lang='lat' dir='ltr'><strong>dont</strong></span> <span class='ocrx_word' id='word_1_148' title='bbox 2067 2332 2143 2388; x_wconf 90' lang='lat' dir='ltr'><strong>les</strong></span> <span class='ocrx_word' id='word_1_149' title='bbox 2165 2332 2479 2389; x_wconf 87' lang='lat' dir='ltr'><strong>dimensions</strong></span> <span class='ocrx_word' id='word_1_150' title='bbox 2508 2335 2789 2407; x_wconf 81' lang='lat' dir='ltr'><strong>paraissent</strong></span> 
     </span>
     <span class='ocr_line' id='line_1_23' title="bbox 652 2422 1396 2497; baseline -0.004 -17"><span class='ocrx_word' id='word_1_151' title='bbox 652 2424 787 2480; x_wconf 87' lang='lat' dir='ltr'><strong>aussi</strong></span> <span class='ocrx_word' id='word_1_152' title='bbox 817 2424 1077 2497; x_wconf 74' lang='lat' dir='ltr'><strong>beaucoup</strong></span> <span class='ocrx_word' id='word_1_153' title='bbox 1110 2422 1396 2477; x_wconf 76' lang='lat' dir='ltr'><strong>moindreS.</strong></span> 
     </span>
    </p>

    <p class='ocr_par' dir='ltr' id='par_1_10' title="bbox 651 2509 2787 2836">
     <span class='ocr_line' id='line_1_24' title="bbox 723 2509 2787 2585; baseline -0 -18"><span class='ocrx_word' id='word_1_154' title='bbox 723 2513 849 2585; x_wconf 72' lang='lat' dir='ltr'><strong>Asp.</strong></span> <span class='ocrx_word' id='word_1_155' title='bbox 882 2511 1265 2567; x_wconf 76' lang='lat' dir='ltr'><strong>intermedium.</strong></span> <span class='ocrx_word' id='word_1_156' title='bbox 1295 2542 1363 2553; x_wconf 88' lang='lat'><strong>—</strong></span> <span class='ocrx_word' id='word_1_157' title='bbox 1386 2511 1588 2585; x_wconf 68' lang='lat' dir='ltr'><strong>D’apres</strong></span> <span class='ocrx_word' id='word_1_158' title='bbox 1617 2511 1661 2565; x_wconf 87' lang='lat' dir='ltr'><strong>la</strong></span> <span class='ocrx_word' id='word_1_159' title='bbox 1692 2509 2022 2583; x_wconf 84' lang='lat' dir='ltr'><strong>description,</strong></span> <span class='ocrx_word' id='word_1_160' title='bbox 2051 2515 2180 2564; x_wconf 85' lang='lat' dir='ltr'><strong>cette</strong></span> <span class='ocrx_word' id='word_1_161' title='bbox 2205 2511 2385 2583; x_wconf 76' lang='lat' dir='ltr'><strong>espece</strong></span> <span class='ocrx_word' id='word_1_162' title='bbox 2417 2509 2611 2565; x_wconf 84' lang='lat' dir='ltr'><strong>semble</strong></span> <span class='ocrx_word' id='word_1_163' title='bbox 2647 2510 2787 2567; x_wconf 80' lang='lat' dir='ltr'><strong>avoir</strong></span> 
     </span>
     <span class='ocr_line' id='line_1_25' title="bbox 651 2599 2787 2675; baseline -0 -18"><span class='ocrx_word' id='word_1_164' title='bbox 651 2604 907 2675; x_wconf 81' lang='lat' dir='ltr'><strong>beaucoup</strong></span> <span class='ocrx_word' id='word_1_165' title='bbox 938 2599 1224 2672; x_wconf 84' lang='lat' dir='ltr'><strong>d&#39;analogie</strong></span> <span class='ocrx_word' id='word_1_166' title='bbox 1263 2618 1383 2655; x_wconf 82' lang='lat' dir='ltr'><strong>avec</strong></span> <span class='ocrx_word' id='word_1_167' title='bbox 1423 2601 1588 2673; x_wconf 69' lang='lat' dir='ltr'><strong>l&#39;Asp.</strong></span> <span class='ocrx_word' id='word_1_168' title='bbox 1629 2599 1824 2664; x_wconf 72' lang='lat' dir='ltr'><strong>Saboei,</strong></span> <span class='ocrx_word' id='word_1_169' title='bbox 1871 2599 2001 2654; x_wconf 85' lang='lat' dir='ltr'><strong>mais</strong></span> <span class='ocrx_word' id='word_1_170' title='bbox 2041 2599 2141 2653; x_wconf 89' lang='lat' dir='ltr'><strong>elle</strong></span> <span class='ocrx_word' id='word_1_171' title='bbox 2180 2607 2256 2653; x_wconf 88' lang='lat' dir='ltr'><strong>est</strong></span> <span class='ocrx_word' id='word_1_172' title='bbox 2296 2599 2408 2671; x_wconf 86' lang='lat' dir='ltr'><strong>plus</strong></span> <span class='ocrx_word' id='word_1_173' title='bbox 2437 2601 2629 2672; x_wconf 83' lang='lat' dir='ltr'><strong>grande</strong></span> <span class='ocrx_word' id='word_1_174' title='bbox 2661 2600 2787 2656; x_wconf 86' lang='lat' dir='ltr'><strong>dans</strong></span> 
     </span>
     <span class='ocr_line' id='line_1_26' title="bbox 655 2688 2787 2763; baseline -0.001 -17"><span class='ocrx_word' id='word_1_175' title='bbox 655 2698 814 2746; x_wconf 83' lang='lat' dir='ltr'><strong>toutes</strong></span> <span class='ocrx_word' id='word_1_176' title='bbox 841 2708 922 2745; x_wconf 86' lang='lat' dir='ltr'><strong>ses</strong></span> <span class='ocrx_word' id='word_1_177' title='bbox 942 2689 1149 2763; x_wconf 82' lang='lat' dir='ltr'><strong>parties,</strong></span> <span class='ocrx_word' id='word_1_178' title='bbox 1177 2694 1393 2744; x_wconf 81' lang='lat' dir='ltr'><strong>souvent</strong></span> <span class='ocrx_word' id='word_1_179' title='bbox 1417 2689 1562 2744; x_wconf 84' lang='lat' dir='ltr'><strong>velue</strong></span> <span class='ocrx_word' id='word_1_180' title='bbox 1586 2707 1651 2743; x_wconf 86' lang='lat' dir='ltr'><strong>en</strong></span> <span class='ocrx_word' id='word_1_181' title='bbox 1682 2689 1890 2743; x_wconf 85' lang='lat' dir='ltr'><strong>dessous</strong></span> <span class='ocrx_word' id='word_1_182' title='bbox 1920 2705 2008 2742; x_wconf 86' lang='lat' dir='ltr'><strong>sur</strong></span> <span class='ocrx_word' id='word_1_183' title='bbox 2048 2688 2122 2742; x_wconf 87' lang='lat' dir='ltr'><strong>les</strong></span> <span class='ocrx_word' id='word_1_184' title='bbox 2152 2704 2417 2752; x_wconf 82' lang='lat' dir='ltr'><strong>nervures,</strong></span> <span class='ocrx_word' id='word_1_185' title='bbox 2462 2696 2512 2743; x_wconf 88' lang='lat' dir='ltr'><strong>et</strong></span> <span class='ocrx_word' id='word_1_186' title='bbox 2538 2707 2619 2743; x_wconf 83' lang='lat' dir='ltr'><strong>ses</strong></span> <span class='ocrx_word' id='word_1_187' title='bbox 2653 2689 2787 2744; x_wconf 83' lang='lat' dir='ltr'><strong>divi-</strong></span> 
     </span>
     <span class='ocr_line' id='line_1_27' title="bbox 654 2777 1400 2836; baseline -0.004 -1"><span class='ocrx_word' id='word_1_188' title='bbox 654 2781 794 2836; x_wconf 83' lang='lat' dir='ltr'><strong>sions</strong></span> <span class='ocrx_word' id='word_1_189' title='bbox 822 2787 936 2834; x_wconf 87' lang='lat' dir='ltr'><strong>sont</strong></span> <span class='ocrx_word' id='word_1_190' title='bbox 964 2777 1133 2833; x_wconf 87' lang='lat' dir='ltr'><strong>moins</strong></span> <span class='ocrx_word' id='word_1_191' title='bbox 1157 2780 1400 2833; x_wconf 69' lang='lat' dir='ltr'><strong>ecartees.</strong></span> 
     </span>
    </p>
   </div>
   <div class='ocr_carea' id='block_1_8' title="bbox 875 3003 1357 3070">
    <p class='ocr_par' dir='ltr' id='par_1_11' title="bbox 875 3003 1357 3070">
     <span class='ocr_line' id='line_1_28' title="bbox 875 3003 1357 3070; baseline -0.006 0"><span class='ocrx_word' id='word_1_192' title='bbox 875 3003 1357 3070; x_wconf 82' lang='lat' dir='ltr'><strong>POLYPODIUM.</strong></span> 
     </span>
    </p>
   </div>
   <div class='ocr_carea' id='block_1_9' title="bbox 602 3183 1128 3242">
    <p class='ocr_par' dir='ltr' id='par_1_12' title="bbox 602 3183 1128 3242">
     <span class='ocr_line' id='line_1_29' title="bbox 602 3183 1128 3242; baseline -0.01 1"><span class='ocrx_word' id='word_1_193' title='bbox 602 3183 1003 3242; x_wconf 66' lang='lat' dir='ltr'><strong>litamen-i.</strong></span> <span class='ocrx_word' id='word_1_194' title='bbox 1046 3209 1128 3223; x_wconf 89' lang='lat'><strong>--</strong></span> 
     </span>
    </p>
   </div>
   <div class='ocr_carea' id='block_1_10' title="bbox 656 3341 2798 4843">
    <p class='ocr_par' dir='ltr' id='par_1_13' title="bbox 656 3341 2798 4843">
     <span class='ocr_line' id='line_1_30' title="bbox 725 3341 2783 3420; baseline -0.002 -17"><span class='ocrx_word' id='word_1_195' title='bbox 725 3346 952 3403; x_wconf 75' lang='lat' dir='ltr'><strong>Describ.</strong></span> <span class='ocrx_word' id='word_1_196' title='bbox 981 3376 1050 3386; x_wconf 96' lang='lat'>—</span> <span class='ocrx_word' id='word_1_197' title='bbox 1075 3342 1468 3417; x_wconf 83' lang='lat' dir='ltr'><strong>(Phegopteris.)</strong></span> <span class='ocrx_word' id='word_1_198' title='bbox 1500 3341 1746 3398; x_wconf 88' lang='lat' dir='ltr'><strong>Rhizoma</strong></span> <span class='ocrx_word' id='word_1_199' title='bbox 1772 3344 1984 3415; x_wconf 82' lang='lat' dir='ltr'><strong>gracile,</strong></span> <span class='ocrx_word' id='word_1_200' title='bbox 2019 3345 2171 3419; x_wconf 87' lang='lat' dir='ltr'><strong>longe</strong></span> <span class='ocrx_word' id='word_1_201' title='bbox 2198 3364 2399 3420; x_wconf 84' lang='lat' dir='ltr'><strong>repens,</strong></span> <span class='ocrx_word' id='word_1_202' title='bbox 2422 3346 2576 3419; x_wconf 84' lang='lat' dir='ltr'><strong>paleis</strong></span> <span class='ocrx_word' id='word_1_203' title='bbox 2603 3347 2783 3410; x_wconf 81' lang='lat' dir='ltr'><strong>ovatis,</strong></span> 
     </span>
     <span class='ocr_line' id='line_1_31' title="bbox 658 3431 2789 3509; baseline -0.001 -19"><span class='ocrx_word' id='word_1_204' title='bbox 658 3435 878 3509; x_wconf 85' lang='lat' dir='ltr'><strong>pallidis,</strong></span> <span class='ocrx_word' id='word_1_205' title='bbox 907 3433 1127 3509; x_wconf 72' lang='lat' dir='ltr'><strong>hyalinis</strong></span> <span class='ocrx_word' id='word_1_206' title='bbox 1155 3432 1420 3498; x_wconf 66' lang='lat' dir='ltr'><strong>vestituum</strong></span> <span class='ocrx_word' id='word_1_207' title='bbox 1453 3431 1621 3503; x_wconf 88' lang='lat' dir='ltr'><strong>petioli</strong></span> <span class='ocrx_word' id='word_1_208' title='bbox 1652 3431 1788 3486; x_wconf 88' lang='lat' dir='ltr'><strong>inter</strong></span> <span class='ocrx_word' id='word_1_209' title='bbox 1823 3450 1878 3486; x_wconf 85' lang='lat' dir='ltr'><strong>se</strong></span> <span class='ocrx_word' id='word_1_210' title='bbox 1905 3432 2169 3498; x_wconf 83' lang='lat' dir='ltr'><strong>distantes,</strong></span> <span class='ocrx_word' id='word_1_211' title='bbox 2195 3453 2311 3489; x_wconf 90' lang='lat' dir='ltr'><strong>cum</strong></span> <span class='ocrx_word' id='word_1_212' title='bbox 2349 3434 2625 3490; x_wconf 85' lang='lat' dir='ltr'><strong>rhizomate</strong></span> <span class='ocrx_word' id='word_1_213' title='bbox 2660 3453 2789 3489; x_wconf 92' lang='lat' dir='ltr'><strong>con-</strong></span> 
     </span>
     <span class='ocr_line' id='line_1_32' title="bbox 658 3520 2788 3597; baseline -0 -17"><span class='ocrx_word' id='word_1_214' title='bbox 658 3524 809 3588; x_wconf 87' lang='lat' dir='ltr'><strong>tinui,</strong></span> <span class='ocrx_word' id='word_1_215' title='bbox 834 3523 939 3578; x_wconf 72' lang='lat' dir='ltr'><strong>ima</strong></span> <span class='ocrx_word' id='word_1_216' title='bbox 962 3523 1069 3578; x_wconf 84' lang='lat' dir='ltr'><strong>basi</strong></span> <span class='ocrx_word' id='word_1_217' title='bbox 1095 3520 1254 3577; x_wconf 84' lang='lat' dir='ltr'><strong>inflati</strong></span> <span class='ocrx_word' id='word_1_218' title='bbox 1285 3527 1338 3576; x_wconf 88' lang='lat' dir='ltr'><strong>et</strong></span> <span class='ocrx_word' id='word_1_219' title='bbox 1362 3538 1513 3594; x_wconf 84' lang='lat' dir='ltr'><strong>parce</strong></span> <span class='ocrx_word' id='word_1_220' title='bbox 1542 3520 1785 3593; x_wconf 87' lang='lat' dir='ltr'><strong>paleacei‚</strong></span> <span class='ocrx_word' id='word_1_221' title='bbox 1828 3529 2070 3577; x_wconf 66' lang='lat' dir='ltr'><strong>caeterum</strong></span> <span class='ocrx_word' id='word_1_222' title='bbox 2106 3523 2233 3578; x_wconf 89' lang='lat' dir='ltr'><strong>nudi</strong></span> <span class='ocrx_word' id='word_1_223' title='bbox 2273 3524 2354 3578; x_wconf 80' lang='lat' dir='ltr'><strong>vel</strong></span> <span class='ocrx_word' id='word_1_224' title='bbox 2392 3523 2619 3597; x_wconf 86' lang='lat' dir='ltr'><strong>squamis</strong></span> <span class='ocrx_word' id='word_1_225' title='bbox 2658 3523 2788 3579; x_wconf 83' lang='lat' dir='ltr'><strong>raris</strong></span> 
     </span>
     <span class='ocr_line' id='line_1_33' title="bbox 656 3610 2791 3687; baseline 0 -20"><span class='ocrx_word' id='word_1_226' title='bbox 656 3612 839 3687; x_wconf 89' lang='lat' dir='ltr'><strong>pallide</strong></span> <span class='ocrx_word' id='word_1_227' title='bbox 863 3610 1013 3666; x_wconf 78' lang='lat' dir='ltr'><strong>fulvis</strong></span> <span class='ocrx_word' id='word_1_228' title='bbox 1041 3611 1210 3674; x_wconf 83' lang='lat' dir='ltr'><strong>obsiti,</strong></span> <span class='ocrx_word' id='word_1_229' title='bbox 1236 3610 1470 3682; x_wconf 68' lang='lat' dir='ltr'><strong>graciles,</strong></span> <span class='ocrx_word' id='word_1_230' title='bbox 1500 3610 1663 3665; x_wconf 76' lang='lat'>10-25</span> <span class='ocrx_word' id='word_1_231' title='bbox 1703 3617 1836 3665; x_wconf 86' lang='lat' dir='ltr'><strong>cent.</strong></span> <span class='ocrx_word' id='word_1_232' title='bbox 1875 3611 2034 3683; x_wconf 83' lang='lat' dir='ltr'><strong>longi,</strong></span> <span class='ocrx_word' id='word_1_233' title='bbox 2063 3611 2230 3667; x_wconf 79' lang='lat' dir='ltr'><strong>antice</strong></span> <span class='ocrx_word' id='word_1_234' title='bbox 2268 3611 2607 3675; x_wconf 85' lang='lat' dir='ltr'><strong>canaliculati,</strong></span> <span class='ocrx_word' id='word_1_235' title='bbox 2636 3612 2791 3667; x_wconf 87' lang='lat' dir='ltr'><strong>lami-</strong></span> 
     </span>
     <span class='ocr_line' id='line_1_34' title="bbox 657 3698 2786 3775; baseline -0 -17"><span class='ocrx_word' id='word_1_236' title='bbox 657 3721 774 3758; x_wconf 78' lang='lat' dir='ltr'><strong>nam</strong></span> <span class='ocrx_word' id='word_1_237' title='bbox 818 3709 1074 3774; x_wconf 76' lang='lat' dir='ltr'><strong>aequantes</strong></span> <span class='ocrx_word' id='word_1_238' title='bbox 1115 3699 1192 3754; x_wconf 78' lang='lat' dir='ltr'><strong>vel</strong></span> <span class='ocrx_word' id='word_1_239' title='bbox 1241 3700 1327 3754; x_wconf 74' lang='lat' dir='ltr'><strong>illa</strong></span> <span class='ocrx_word' id='word_1_240' title='bbox 1367 3698 1518 3771; x_wconf 86' lang='lat' dir='ltr'><strong>duplo</strong></span> <span class='ocrx_word' id='word_1_241' title='bbox 1564 3698 1852 3771; x_wconf 84' lang='lat' dir='ltr'><strong>longiores;</strong></span> <span class='ocrx_word' id='word_1_242' title='bbox 1899 3699 2084 3755; x_wconf 86' lang='lat' dir='ltr'><strong>lamina</strong></span> <span class='ocrx_word' id='word_1_243' title='bbox 2123 3719 2242 3756; x_wconf 89' lang='lat' dir='ltr'><strong>cum</strong></span> <span class='ocrx_word' id='word_1_244' title='bbox 2279 3702 2463 3775; x_wconf 80' lang='lat' dir='ltr'><strong>petiole</strong></span> <span class='ocrx_word' id='word_1_245' title='bbox 2505 3701 2786 3766; x_wconf 87' lang='lat' dir='ltr'><strong>articulata,</strong></span> 
     </span>
     <span class='ocr_line' id='line_1_35' title="bbox 659 3788 2787 3863; baseline -0 -16"><span class='ocrx_word' id='word_1_246' title='bbox 659 3792 851 3847; x_wconf 81' lang='lat' dir='ltr'><strong>ambitu</strong></span> <span class='ocrx_word' id='word_1_247' title='bbox 894 3789 1315 3862; x_wconf 83' lang='lat' dir='ltr'><strong>subtriangularis</strong></span> <span class='ocrx_word' id='word_1_248' title='bbox 1353 3789 1430 3842; x_wconf 83' lang='lat' dir='ltr'><strong>vel</strong></span> <span class='ocrx_word' id='word_1_249' title='bbox 1471 3788 1747 3846; x_wconf 83' lang='lat' dir='ltr'><strong>lanceolato</strong></span> <span class='ocrx_word' id='word_1_250' title='bbox 1779 3788 2050 3854; x_wconf 86' lang='lat' dir='ltr'><strong>deltoidea,</strong></span> <span class='ocrx_word' id='word_1_251' title='bbox 2096 3790 2241 3848; x_wconf 77' lang='lat'><strong>8-12.</strong></span> <span class='ocrx_word' id='word_1_252' title='bbox 2276 3798 2412 3845; x_wconf 86' lang='lat' dir='ltr'><strong>cent.</strong></span> <span class='ocrx_word' id='word_1_253' title='bbox 2452 3790 2625 3863; x_wconf 80' lang='lat' dir='ltr'><strong>longa,</strong></span> <span class='ocrx_word' id='word_1_254' title='bbox 2648 3790 2787 3846; x_wconf 78' lang='lat'><strong>6-10</strong></span> 
     </span>
     <span class='ocr_line' id='line_1_36' title="bbox 662 3876 2790 3950; baseline -0 -15"><span class='ocrx_word' id='word_1_255' title='bbox 662 3887 796 3936; x_wconf 84' lang='lat' dir='ltr'><strong>cent.</strong></span> <span class='ocrx_word' id='word_1_256' title='bbox 827 3880 944 3944; x_wconf 86' lang='lat' dir='ltr'><strong>lata,</strong></span> <span class='ocrx_word' id='word_1_257' title='bbox 969 3878 1187 3934; x_wconf 81' lang='lat' dir='ltr'><strong>tenuiter</strong></span> <span class='ocrx_word' id='word_1_258' title='bbox 1221 3878 1629 3940; x_wconf 81' lang='lat' dir='ltr'><strong>membranacea,</strong></span> <span class='ocrx_word' id='word_1_259' title='bbox 1675 3876 1862 3950; x_wconf 87' lang='lat' dir='ltr'><strong>pallide</strong></span> <span class='ocrx_word' id='word_1_260' title='bbox 1898 3878 2093 3944; x_wconf 77' lang='lat' dir='ltr'><strong>virenS,</strong></span> <span class='ocrx_word' id='word_1_261' title='bbox 2130 3879 2455 3950; x_wconf 77' lang='lat' dir='ltr'><strong>glaberriina,</strong></span> <span class='ocrx_word' id='word_1_262' title='bbox 2494 3878 2630 3934; x_wconf 85' lang='lat' dir='ltr'><strong>haud</strong></span> <span class='ocrx_word' id='word_1_263' title='bbox 2674 3897 2790 3934; x_wconf 88' lang='lat' dir='ltr'><strong>raro</strong></span> 
     </span>
     <span class='ocr_line' id='line_1_37' title="bbox 663 3965 2786 4043; baseline -0 -19"><span class='ocrx_word' id='word_1_264' title='bbox 663 3970 716 4024; x_wconf 88' lang='lat' dir='ltr'><strong>in</strong></span> <span class='ocrx_word' id='word_1_265' title='bbox 734 3970 977 4043; x_wconf 83' lang='lat' dir='ltr'><strong>petiolum</strong></span> <span class='ocrx_word' id='word_1_266' title='bbox 996 3970 1229 4031; x_wconf 80' lang='lat' dir='ltr'><strong>refracta,</strong></span> <span class='ocrx_word' id='word_1_267' title='bbox 1250 3965 1501 4040; x_wconf 73' lang='lat' dir='ltr'><strong>profunde</strong></span> <span class='ocrx_word' id='word_1_268' title='bbox 1528 3965 1858 4037; x_wconf 87' lang='lat' dir='ltr'><strong>pinnatifida;</strong></span> <span class='ocrx_word' id='word_1_269' title='bbox 1882 3969 2050 4022; x_wconf 85' lang='lat' dir='ltr'><strong>rachis</strong></span> <span class='ocrx_word' id='word_1_270' title='bbox 2069 3975 2296 4024; x_wconf 86' lang='lat' dir='ltr'><strong>castanea</strong></span> <span class='ocrx_word' id='word_1_271' title='bbox 2317 3970 2396 4024; x_wconf 77' lang='lat' dir='ltr'><strong>vel</strong></span> <span class='ocrx_word' id='word_1_272' title='bbox 2420 3970 2561 4023; x_wconf 89' lang='lat' dir='ltr'><strong>susco</strong></span> <span class='ocrx_word' id='word_1_273' title='bbox 2582 3968 2786 4034; x_wconf 85' lang='lat' dir='ltr'><strong>viridis;</strong></span> 
     </span>
     <span class='ocr_line' id='line_1_38' title="bbox 661 4053 2791 4131; baseline 0 -19"><span class='ocrx_word' id='word_1_274' title='bbox 661 4066 925 4130; x_wconf 80' lang='lat' dir='ltr'><strong>segmenta</strong></span> <span class='ocrx_word' id='word_1_275' title='bbox 964 4056 1166 4112; x_wconf 61' lang='lat' dir='ltr'><strong>laminae</strong></span> <span class='ocrx_word' id='word_1_276' title='bbox 1191 4057 1252 4110; x_wconf 89' lang='lat' dir='ltr'><strong>ad</strong></span> <span class='ocrx_word' id='word_1_277' title='bbox 1284 4054 1425 4109; x_wconf 86' lang='lat' dir='ltr'><strong>basin</strong></span> <span class='ocrx_word' id='word_1_278' title='bbox 1452 4055 1530 4108; x_wconf 73' lang='lat' dir='ltr'><strong>ala</strong></span> <span class='ocrx_word' id='word_1_279' title='bbox 1556 4053 1656 4109; x_wconf 73' lang='lat' dir='ltr'><strong>lata</strong></span> <span class='ocrx_word' id='word_1_280' title='bbox 1685 4055 2007 4122; x_wconf 84' lang='lat' dir='ltr'><strong>confluentia,</strong></span> <span class='ocrx_word' id='word_1_281' title='bbox 2036 4057 2133 4112; x_wconf 90' lang='lat' dir='ltr'><strong>sub</strong></span> <span class='ocrx_word' id='word_1_282' title='bbox 2176 4059 2358 4131; x_wconf 82' lang='lat' dir='ltr'><strong>angulo</strong></span> <span class='ocrx_word' id='word_1_283' title='bbox 2384 4065 2523 4113; x_wconf 88' lang='lat' dir='ltr'><strong>recto</strong></span> <span class='ocrx_word' id='word_1_284' title='bbox 2548 4066 2791 4112; x_wconf 84' lang='lat' dir='ltr'><strong>arcuato-</strong></span> 
     </span>
     <span class='ocr_line' id='line_1_39' title="bbox 663 4143 2791 4221; baseline -0 -20"><span class='ocrx_word' id='word_1_285' title='bbox 663 4146 906 4221; x_wconf 84' lang='lat' dir='ltr'><strong>patentia,</strong></span> <span class='ocrx_word' id='word_1_286' title='bbox 935 4145 1208 4200; x_wconf 81' lang='lat' dir='ltr'><strong>lanceolata</strong></span> <span class='ocrx_word' id='word_1_287' title='bbox 1248 4144 1328 4198; x_wconf 81' lang='lat' dir='ltr'><strong>vel</strong></span> <span class='ocrx_word' id='word_1_288' title='bbox 1363 4143 1536 4197; x_wconf 85' lang='lat' dir='ltr'><strong>infima</strong></span> <span class='ocrx_word' id='word_1_289' title='bbox 1564 4143 1794 4206; x_wconf 82' lang='lat' dir='ltr'><strong>obovata,</strong></span> <span class='ocrx_word' id='word_1_290' title='bbox 1834 4144 2046 4209; x_wconf 83' lang='lat' dir='ltr'><strong>deflexa,</strong></span> <span class='ocrx_word' id='word_1_291' title='bbox 2075 4147 2243 4202; x_wconf 89' lang='lat' dir='ltr'><strong>omnia</strong></span> <span class='ocrx_word' id='word_1_292' title='bbox 2273 4146 2593 4221; x_wconf 74' lang='lat' dir='ltr'><strong>asymetrica,</strong></span> <span class='ocrx_word' id='word_1_293' title='bbox 2616 4147 2791 4201; x_wconf 82' lang='lat' dir='ltr'><strong>obtusa</strong></span> 
     </span>
     <span class='ocr_line' id='line_1_40' title="bbox 664 4231 2792 4309; baseline 0.002 -22"><span class='ocrx_word' id='word_1_294' title='bbox 664 4236 744 4290; x_wconf 78' lang='lat' dir='ltr'><strong>vel</strong></span> <span class='ocrx_word' id='word_1_295' title='bbox 770 4235 994 4291; x_wconf 78' lang='lat' dir='ltr'><strong>breviter</strong></span> <span class='ocrx_word' id='word_1_296' title='bbox 1021 4241 1184 4296; x_wconf 86' lang='lat' dir='ltr'><strong>acuta,</strong></span> <span class='ocrx_word' id='word_1_297' title='bbox 1216 4232 1468 4287; x_wconf 86' lang='lat' dir='ltr'><strong>subincisa</strong></span> <span class='ocrx_word' id='word_1_298' title='bbox 1498 4231 1581 4285; x_wconf 78' lang='lat' dir='ltr'><strong>vel</strong></span> <span class='ocrx_word' id='word_1_299' title='bbox 1608 4239 1811 4286; x_wconf 88' lang='lat' dir='ltr'><strong>crenato</strong></span> <span class='ocrx_word' id='word_1_300' title='bbox 1841 4233 2029 4298; x_wconf 81' lang='lat' dir='ltr'><strong>lobata3</strong></span> <span class='ocrx_word' id='word_1_301' title='bbox 2063 4244 2321 4309; x_wconf 82' lang='lat' dir='ltr'><strong>segmenta</strong></span> <span class='ocrx_word' id='word_1_302' title='bbox 2355 4235 2527 4291; x_wconf 83' lang='lat' dir='ltr'><strong>infima</strong></span> <span class='ocrx_word' id='word_1_303' title='bbox 2565 4237 2627 4291; x_wconf 88' lang='lat' dir='ltr'><strong>ad</strong></span> <span class='ocrx_word' id='word_1_304' title='bbox 2666 4237 2792 4291; x_wconf 83' lang='lat' dir='ltr'><strong>latus</strong></span> 
     </span>
     <span class='ocr_line' id='line_1_41' title="bbox 667 4321 2790 4398; baseline 0.001 -20"><span class='ocrx_word' id='word_1_305' title='bbox 667 4322 881 4380; x_wconf 80' lang='lat' dir='ltr'><strong>inferius</strong></span> <span class='ocrx_word' id='word_1_306' title='bbox 908 4325 1021 4398; x_wconf 87' lang='lat' dir='ltr'><strong>plus</strong></span> <span class='ocrx_word' id='word_1_307' title='bbox 1049 4324 1221 4378; x_wconf 87' lang='lat' dir='ltr'><strong>minus</strong></span> <span class='ocrx_word' id='word_1_308' title='bbox 1248 4331 1411 4386; x_wconf 85' lang='lat' dir='ltr'><strong>aucta,</strong></span> <span class='ocrx_word' id='word_1_309' title='bbox 1442 4321 1550 4376; x_wconf 90' lang='lat' dir='ltr'><strong>basi</strong></span> <span class='ocrx_word' id='word_1_310' title='bbox 1580 4322 1793 4395; x_wconf 85' lang='lat' dir='ltr'><strong>abrupte</strong></span> <span class='ocrx_word' id='word_1_311' title='bbox 1829 4329 2084 4389; x_wconf 52' lang='lat' dir='ltr'><strong>truncatim</strong></span> <span class='ocrx_word' id='word_1_312' title='bbox 2136 4334 2396 4398; x_wconf 80' lang='lat' dir='ltr'><strong>segmenta</strong></span> <span class='ocrx_word' id='word_1_313' title='bbox 2439 4333 2701 4398; x_wconf 75' lang='lat' dir='ltr'><strong>sequentia</strong></span> <span class='ocrx_word' id='word_1_314' title='bbox 2756 4344 2790 4381; x_wconf 92' lang='lat' dir='ltr'><strong>n</strong></span> 
     </span>
     <span class='ocr_line' id='line_1_42' title="bbox 668 4409 2792 4487; baseline 0 -19"><span class='ocrx_word' id='word_1_315' title='bbox 668 4414 823 4469; x_wconf 86' lang='lat' dir='ltr'><strong>latere</strong></span> <span class='ocrx_word' id='word_1_316' title='bbox 838 4414 1099 4487; x_wconf 87' lang='lat' dir='ltr'><strong>superiore</strong></span> <span class='ocrx_word' id='word_1_317' title='bbox 1129 4411 1295 4486; x_wconf 85' lang='lat' dir='ltr'><strong>magis</strong></span> <span class='ocrx_word' id='word_1_318' title='bbox 1312 4412 1428 4474; x_wconf 87' lang='lat' dir='ltr'><strong>lata,</strong></span> <span class='ocrx_word' id='word_1_319' title='bbox 1457 4409 1589 4468; x_wconf 79' lang='lat' dir='ltr'><strong>lobis</strong></span> <span class='ocrx_word' id='word_1_320' title='bbox 1622 4410 1975 4483; x_wconf 68' lang='lat' dir='ltr'><strong>inaequalibus,</strong></span> <span class='ocrx_word' id='word_1_321' title='bbox 2006 4415 2262 4469; x_wconf 72' lang='lat' dir='ltr'><strong>cre-nulato</strong></span> <span class='ocrx_word' id='word_1_322' title='bbox 2277 4415 2495 4470; x_wconf 85' lang='lat' dir='ltr'><strong>dentatis</strong></span> <span class='ocrx_word' id='word_1_323' title='bbox 2514 4415 2592 4470; x_wconf 86' lang='lat' dir='ltr'><strong>vel</strong></span> <span class='ocrx_word' id='word_1_324' title='bbox 2619 4414 2792 4469; x_wconf 87' lang='lat' dir='ltr'><strong>subin-</strong></span> 
     </span>
     <span class='ocr_line' id='line_1_43' title="bbox 667 4499 2798 4574; baseline 0.001 -18"><span class='ocrx_word' id='word_1_325' title='bbox 667 4503 852 4574; x_wconf 83' lang='lat' dir='ltr'><strong>tegris:</strong></span> <span class='ocrx_word' id='word_1_326' title='bbox 892 4501 1119 4557; x_wconf 74' lang='lat' dir='ltr'><strong>nel-vatio</strong></span> <span class='ocrx_word' id='word_1_327' title='bbox 1146 4518 1237 4574; x_wconf 88' lang='lat' dir='ltr'><strong>pro</strong></span> <span class='ocrx_word' id='word_1_328' title='bbox 1266 4499 1482 4554; x_wconf 70' lang='lat' dir='ltr'><strong>maxima</strong></span> <span class='ocrx_word' id='word_1_329' title='bbox 1528 4506 1672 4573; x_wconf 87' lang='lat' dir='ltr'><strong>parte</strong></span> <span class='ocrx_word' id='word_1_330' title='bbox 1709 4499 1791 4554; x_wconf 79' lang='lat' dir='ltr'><strong>vel</strong></span> <span class='ocrx_word' id='word_1_331' title='bbox 1836 4503 2063 4574; x_wconf 76' lang='lat' dir='ltr'><strong>perfecte</strong></span> <span class='ocrx_word' id='word_1_332' title='bbox 2103 4504 2280 4566; x_wconf 79' lang='lat' dir='ltr'><strong>libera,</strong></span> <span class='ocrx_word' id='word_1_333' title='bbox 2334 4503 2506 4558; x_wconf 84' lang='lat' dir='ltr'><strong>nervis</strong></span> <span class='ocrx_word' id='word_1_334' title='bbox 2553 4502 2798 4559; x_wconf 80' lang='lat' dir='ltr'><strong>tertiariis</strong></span> 
     </span>
     <span class='ocr_line' id='line_1_44' title="bbox 664 4587 2792 4665; baseline 0 -20"><span class='ocrx_word' id='word_1_335' title='bbox 664 4590 918 4658; x_wconf 80' lang='lat' dir='ltr'><strong>flexuosis,</strong></span> <span class='ocrx_word' id='word_1_336' title='bbox 950 4588 1293 4665; x_wconf 83' lang='lat' dir='ltr'><strong>simplicibus,</strong></span> <span class='ocrx_word' id='word_1_337' title='bbox 1322 4589 1400 4643; x_wconf 83' lang='lat' dir='ltr'><strong>vel</strong></span> <span class='ocrx_word' id='word_1_338' title='bbox 1430 4587 1483 4641; x_wconf 90' lang='lat' dir='ltr'><strong>in</strong></span> <span class='ocrx_word' id='word_1_339' title='bbox 1511 4587 1813 4660; x_wconf 81' lang='lat' dir='ltr'><strong>quibusdam</strong></span> <span class='ocrx_word' id='word_1_340' title='bbox 1844 4590 2214 4661; x_wconf 87' lang='lat' dir='ltr'><strong>speciminibus</strong></span> <span class='ocrx_word' id='word_1_341' title='bbox 2245 4591 2494 4646; x_wconf 83' lang='lat' dir='ltr'><strong>maculam</strong></span> <span class='ocrx_word' id='word_1_342' title='bbox 2523 4591 2792 4664; x_wconf 85' lang='lat' dir='ltr'><strong>oblongam</strong></span> 
     </span>
     <span class='ocr_line' id='line_1_45' title="bbox 663 4675 2796 4750; baseline -0 -15"><span class='ocrx_word' id='word_1_343' title='bbox 663 4679 867 4735; x_wconf 87' lang='lat' dir='ltr'><strong>unicam</strong></span> <span class='ocrx_word' id='word_1_344' title='bbox 892 4678 1281 4735; x_wconf 76' lang='lat' dir='ltr'><strong>efformantibus</strong></span> <span class='ocrx_word' id='word_1_345' title='bbox 1306 4675 1573 4750; x_wconf 85' lang='lat' dir='ltr'><strong>junctione</strong></span> <span class='ocrx_word' id='word_1_346' title='bbox 1596 4676 1814 4731; x_wconf 88' lang='lat' dir='ltr'><strong>duorum</strong></span> <span class='ocrx_word' id='word_1_347' title='bbox 1843 4680 2168 4735; x_wconf 82' lang='lat' dir='ltr'><strong>nervulorum</strong></span> <span class='ocrx_word' id='word_1_348' title='bbox 2211 4681 2494 4736; x_wconf 85' lang='lat' dir='ltr'><strong>anticorum</strong></span> <span class='ocrx_word' id='word_1_349' title='bbox 2541 4680 2594 4735; x_wconf 91' lang='lat' dir='ltr'><strong>in</strong></span> <span class='ocrx_word' id='word_1_350' title='bbox 2639 4681 2796 4736; x_wconf 84' lang='lat' dir='ltr'><strong>latere</strong></span> 
     </span>
     <span class='ocr_line' id='line_1_46' title="bbox 666 4766 2793 4843; baseline 0 -20"><span class='ocrx_word' id='word_1_351' title='bbox 666 4771 925 4841; x_wconf 84' lang='lat' dir='ltr'><strong>superiore</strong></span> <span class='ocrx_word' id='word_1_352' title='bbox 966 4769 1027 4824; x_wconf 79' lang='lat' dir='ltr'><strong>ad</strong></span> <span class='ocrx_word' id='word_1_353' title='bbox 1058 4767 1203 4822; x_wconf 86' lang='lat' dir='ltr'><strong>basin</strong></span> <span class='ocrx_word' id='word_1_354' title='bbox 1232 4766 1528 4840; x_wconf 84' lang='lat' dir='ltr'><strong>pinnarum;</strong></span> <span class='ocrx_word' id='word_1_355' title='bbox 1558 4766 1663 4820; x_wconf 85' lang='lat' dir='ltr'><strong>sori</strong></span> <span class='ocrx_word' id='word_1_356' title='bbox 1707 4767 1925 4840; x_wconf 77' lang='lat' dir='ltr'><strong>parvuli,</strong></span> <span class='ocrx_word' id='word_1_357' title='bbox 1957 4769 2085 4823; x_wconf 83' lang='lat' dir='ltr'><strong>ovati</strong></span> <span class='ocrx_word' id='word_1_358' title='bbox 2116 4770 2194 4826; x_wconf 81' lang='lat' dir='ltr'><strong>vel</strong></span> <span class='ocrx_word' id='word_1_359' title='bbox 2223 4770 2450 4843; x_wconf 82' lang='lat' dir='ltr'><strong>oblongi,</strong></span> <span class='ocrx_word' id='word_1_360' title='bbox 2491 4770 2546 4824; x_wconf 89' lang='lat' dir='ltr'><strong>in</strong></span> <span class='ocrx_word' id='word_1_361' title='bbox 2583 4770 2793 4825; x_wconf 80' lang='lat' dir='ltr'><strong>nervulo</strong></span> 
     </span>
    </p>
   </div>
   <div class='ocr_carea' id='block_1_11' title="bbox 632 4887 2435 4949">
    <p class='ocr_par' dir='ltr' id='par_1_14' title="bbox 632 4887 2435 4949">
     <span class='ocr_line' id='line_1_47' title="bbox 632 4887 2435 4949; baseline 0.002 -11"><span class='ocrx_word' id='word_1_362' title='bbox 632 4902 709 4938; x_wconf 73' lang='lat' dir='ltr'><strong>rt..</strong></span> <span class='ocrx_word' id='word_1_363' title='bbox 737 4902 865 4949; x_wconf 60' lang='lat' dir='ltr'><strong>aar„</strong></span> <span class='ocrx_word' id='word_1_364' title='bbox 897 4901 956 4939; x_wconf 85' lang='lat' dir='ltr'><strong>n.</strong></span> <span class='ocrx_word' id='word_1_365' title='bbox 2372 4887 2435 4941; x_wconf 65' lang='lat'><strong>41</strong></span> 
     </span>
    </p>
   </div>
  </div>
 </body>
</html>
