3481 5526
669 559 775 612 526

1280 555 1666 612 ENUMERATR)
1701 555 2054 611 PLANTARUM
2090 554 2520 610 JAPOMCARUM.

1060 711 1124 764 La
1152 708 1319 781 plante
1349 708 1410 763 de
1448 707 1639 781 Niigata
1671 726 1698 762 a
1740 708 1818 763 les
1847 707 2001 762 sseurs
2038 706 2376 770 blanchatres,
2409 706 2521 779 plue
2557 706 2757 781 peffles,
2800 708 2875 763 les
2919 708 3124 764 feuilles

986 796 1217 863 etroites,
1249 805 1301 852 et
1325 797 1609 871 appartient
1634 796 2025 871 probablement
2044 799 2073 849 a
2098 794 2145 849 la
2171 794 2360 850 variete
2389 798 2439 862 β.
2467 796 2650 851 albida
2683 798 2873 862 Kunth,
2904 798 2967 852 de
2984 797 3117 854 l’Er.

984 886 1338 961 lonqisolium,
1369 887 1456 960 qui
1487 888 1618 942 n'est
1643 887 1914 943 lui-meme
1940 887 2130 959 qu'une
2157 886 2322 939 forme
2349 886 2412 940 de
2441 886 2572 942 l'Er.
2603 887 2734 942 dene
2768 889 2936 943 canis.
2968 888 3118 944 [Ἐν.

982 977 1223 1033 albidum
1258 976 1393 1032 Nutt.
1433 994 1462 1031 a
1504 976 1579 1031 les
1618 976 1745 1030 troia
1781 975 2023 1030 divisione
2055 976 2282 1030 internos
2326 976 2395 1030 du
2433 974 2697 1048 perianthe
2722 976 3030 1050 depourrues
3056 977 3126 1033 de

989 1067 1157 1122 dente.

1095 1304 1561 1373 CONSPECTUS
1610 1304 1958 1372 LlLIORUM
2011 1303 2268 1371 FLORAE
2319 1304 2696 1373 JAPONJCAE

1150 1493 1287 1550 Folia
1310 1494 1462 1566 longe
1490 1492 1743 1566 petiolata,
1766 1491 2014 1566 profunde
2042 1491 2246 1546 cordata
2253 1529 2970 1547 ...........
3089 1495 3125 1550 2

1030 1586 1055 1640 1
1151 1581 1291 1638 Folia
1323 1580 1536 1636 linearia
1575 1582 1655 1636 vel
1675 1589 1887 1653 anguste
1921 1581 2216 1644 lanceolata,
2248 1577 2443 1635 sessilia
2469 1577 2549 1633 vel
2577 1578 2801 1635 breviter
2816 1581 2982 1655 potio-

1222 1673 1318 1727 lata
1326 1707 2970 1726 ........................
3090 1675 3126 1729 5

1105 1765 1124 1872 ί
1153 1760 1326 1815 Flores
1355 1759 1476 1824 2-4;
1507 1759 1725 1833 capsulae
1751 1760 1930 1813 obtuse
1962 1757 2285 1813 tricarinatae.
2320 1799 2332 1810 .
2391 1796 2406 1811 .
2431 1779 2507 1807 =
2533 1758 2593 1814 L.
2625 1759 2978 1831 cordisolium.

1028 1852 1061 1905 2
1100 1877 1122 2010 ἱ
1154 1846 1325 1901 flores
1350 1846 1499 1915 8-10,
1532 1846 1812 1910 racemosi;
1841 1845 2057 1920 capsulae
2099 1845 2428 1901 unicarinatoe
2465 1847 2544 1919 (ex
2585 1847 2669 1902 fr.
2714 1847 2977 1921 Schmidt).

2590 1959 2660 1985 Ξ
2688 1937 2747 1992 L.
2778 1937 2978 1994 Glehm'.

1028 2070 1064 2125 ὅ
1153 2024 1290 2080 Folia
1315 2025 1496 2080 saltem
1522 2022 1762 2079 inferiora
1789 2022 2083 2079 verticillata
2091 2063 2381 2080 .....
2427 2049 2495 2075 =
2529 2026 2585 2081 L.
2619 2026 2980 2083 medeoloides.

1105 2028 1126 2186 i
1156 2115 1294 2170 Folia
1319 2114 1489 2168 omnia
1516 2132 1707 2188 sparsa,
1729 2113 1784 2167 in
1805 2113 1947 2169 caule
1976 2113 2088 2186 plus
2113 2115 2281 2168 minus
2304 2114 2458 2169 densa
2468 2154 2973 2175 ........
3091 2117 3128 2172 b

1149 2204 1476 2259 Peranthium
1504 2202 1886 2258 immaculatum
1914 2211 1964 2259 et
1994 2202 2197 2277 papillis
2218 2203 2353 2259 intus
2379 2203 2700 2269 destitutum,
2724 2205 2979 2268 concolor,

1221 2293 1417 2357 album,
1450 2293 1529 2346 vel
1565 2291 1731 2347 rarius
1763 2300 1968 2347 externe
1995 2291 2219 2347 violaceo
2252 2292 2330 2346 vel
2361 2292 2510 2347 viridi
2540 2292 2780 2355 tinctum,
2810 2291 2987 2347 infun-

1223 2381 1554 2436 dibulit'orme
1595 2422 1607 2435 .
1673 2419 2970 2440 ...................
3092 2381 3127 2433 5

1151 2470 1498 2527 Perianthium
1526 2469 1740 2524 maculis
1770 2467 1968 2523 intense
2009 2468 2243 2523 eoloratis
2279 2469 2360 2524 vel
2398 2469 2654 2543 papullosis
2688 2469 2824 2525 intus
2851 2488 2986 2543 pra·—

1224 2560 1401 2614 sertim
1432 2557 1539 2613 basi
1568 2557 1814 2620 obsitum,
1838 2558 2205 2622 aurantiacum,
2236 2558 2312 2612 vel
2352 2566 2649 2622 testaceum,
2683 2559 2760 2613 vel
2790 2576 2984 2633 purpu-

1225 2664 1371 2701 reum
1395 2647 1474 2700 vel
1505 2645 1669 2700 iarius
1698 2645 1892 2709 album,
1915 2647 2173 2710 concolor,
2198 2646 2287 2702 sed
2308 2655 2428 2701 tunc
2445 2645 2765 2721 papillosum.
2818 2687 2832 2701 .
2888 2691 2902 2705 .
2957 2684 2973 2700 .
3092 2647 3127 2701 6

1095 2743 1122 3167 ἓ
1148 2736 1494 2793 Perianthium
1518 2743 1713 2791 rectum
1743 2753 1772 2789 e
1802 2733 1908 2790 basi
1940 2735 2002 2791 ad
2030 2736 2228 2810 apicem
2255 2736 2450 2792 sensim
2487 2736 2780 2810 ampliatum
2820 2778 2834 2791 .
2888 2781 2902 2796 .
2957 2778 2971 2791 .

1026 2427 1060 2481 4

2475 2847 2548 2876 τ·-
2570 2827 2630 2882 L.
2644 2827 2976 2899 japonicum.

1151 2914 1498 2972 Periantbium
1538 2913 1824 2987 obliquum,
1861 2914 1940 2969 vel
1975 2915 2070 2969 sub
2101 2916 2288 2987 ang-ulo
2325 2922 2466 2970 recto
2500 2922 2676 2987 patens
2710 2914 2788 2969 vel
2832 2914 2980 2970 etiam

1221 3021 1468 3058 cernuum
1495 3021 1523 3058 e
1551 3002 1657 3057 basi
1689 3003 1752 3058 ad
1778 3002 1977 3058 tertiam
2003 3011 2200 3077 partem
2217 3010 2432 3075 anguste
2463 3002 2777 3068 tubulosum,
2799 3003 2981 3058 exinde

1224 3094 1434 3166 abrupte
1473 3110 1748 3166 expansum
1796 3136 1808 3149 .
1867 3134 1880 3145 .
1938 3134 1952 3147 .
2011 3134 2024 3147 .
2082 3134 2095 3147 .
2153 3136 2165 3148 .
2226 3133 2240 3145 .
2298 3132 2312 3145 .
2369 3133 2383 3146 .
2430 3115 2502 3142 Ξ
2530 3094 2589 3149 L.
2623 3092 2974 3165 lonyiflorum.

1152 3182 1286 3237 Folia
1313 3182 1375 3237 ad
1405 3181 1579 3236 axillas
1617 3180 1907 3245 bulbit‘era3
1945 3180 2290 3254 perianthium
2318 3199 2587 3244 cernuum,
2616 3182 2774 3236 rubro
2800 3198 2984 3235 auran-

1224 3270 1436 3331 tiacum.
1466 3269 1680 3325 maculis
1702 3269 1869 3341 nigris
1898 3287 2249 3343 conspersum,
2277 3268 2466 3324 foliolis
2492 3287 2520 3324 e
2551 3269 2661 3323 basi
2700 3277 2980 3324 extrorsum

1224 3359 1466 3423 curvatim
1499 3358 1657 3413 caulis
1695 3358 1839 3432 apice
1867 3357 2165 3430 lanuginosa
2177 3398 2477 3418 .....
2521 3380 2595 3409 =
2619 3359 2680 3414 L.
2711 3359 2978 3430 tigrinum.

1154 3449 1290 3505 Folia
1319 3449 1382 3504 ad
1411 3448 1586 3503 axillas
1613 3448 1786 3503 bulbis
1814 3447 2049 3502 destituta
2057 3485 2974 3506 ..............
3096 3448 3125 3503 7

1108 3543 1119 3579 f
1151 3536 1285 3592 Folia
1320 3535 1615 3599 lanceolata,
1656 3535 1709 3589 in
1738 3535 1926 3608 petiolo
1968 3535 2287 3590 breviuscnlo
2323 3535 2473 3609 (5-10
2514 3533 2689 3607 mitt),
2725 3533 2979 3597 distincto,

1223 3634 1506 3689 contracta3
1542 3626 1691 3680 flores
1713 3624 1838 3689 albi,
1861 3624 1998 3679 intus
2024 3625 2279 3698 papillosi,
2296 3642 2413 3679 cum
2433 3622 2586 3679 fascia
2605 3626 2780 3690 aurea,
2808 3624 2884 3678 vel
2908 3641 2985 3677 ro-

1223 3715 1319 3781 sei,
1348 3717 1425 3770 vel
1445 3713 1651 3768 testacei
1680 3752 2973 3771 ...................
3091 3712 3125 3767 8

1152 3804 1290 3859 Folia
1317 3801 1531 3857 linearia
1562 3802 1641 3856 vel
1680 3810 1895 3873 anguste
1921 3801 2220 3866 lanceolata,
2250 3800 2359 3857 basi
2402 3801 2550 3873 longe
2577 3809 2860 3874 angustata,
2882 3818 2983 3875 pe-

1225 3892 1345 3947 tiolo
1366 3889 1752 3952 nondistin010;
1784 3891 1936 3945 flores
1960 3889 2236 3945 aurantiaci
2250 3926 2973 3946 ...........
3058 3887 3125 3943 10

1153 3979 1501 4037 Perianthium
1528 3987 1824 4043 testaceum,
1856 3977 2040 4034 foliolis
2065 3988 2348 4035 extrorsum
2369 3978 2608 4034 revolutis
2638 4017 2971 4035 ......

1106 4000 1126 4151 s
2506 4091 2578 4118 :2
2600 4068 2656 4123 L.
2683 4073 2980 4123 testaceum.

1112 4158 1119 4167 “
1159 4156 1504 4214 Perianthium
1531 4157 1702 4212 album
1732 4158 1811 4212 vel
1839 4175 2064 4220 roseum,
2097 4156 2238 4211 fusco
2259 4165 2345 4211 aut
2371 4173 2625 4229 purpureo
2655 4155 2990 4219 maculatum,

1110 4172 1126 4297 i
1232 4245 1416 4302 foliolis
1438 4245 1589 4300 fascia
1616 4246 1711 4300 lata
1736 4248 1889 4300 aurea
1917 4246 1995 4300 vel
2019 4247 2269 4319 purpurea
2300 4244 2485 4300 notatis
2500 4279 2975 4302 ........
3092 4241 3125 4294 9

1155 4334 1430 4391 Perianthii
1470 4334 1642 4390 foliola
1676 4353 1706 4389 e
1745 4333 1857 4389 basi
1899 4342 2188 4389 extrorsum
2208 4333 2455 4398 revoluta,
2484 4332 2699 4388 maculis
2729 4330 2987 4405 papillosis

1106 4341 1133 4553 ς
1231 4442 1366 4479 nunc
1386 4423 1673 4496 purpureis,
1693 4441 1833 4478 nune
1853 4422 2097 4496 virgineis
2117 4440 2416 4497 compet-sm
2439 4420 2653 4478 stamina
2685 4421 2835 4493 longe
2869 4437 2986 4492 pro-

1229 4512 1426 4568 stantia.
2065 4551 2077 4563 .
2205 4556 2220 4571 ,
2279 4510 2981 4582 .‚.=L.speciosum.

1159 4600 1433 4659 Periauthii
1463 4600 1629 4656 foliola
1659 4601 1767 4656 fere
1784 4601 1848 4656 ad
1873 4600 2074 4656 tertiam
2101 4608 2293 4674 partem
2315 4618 2476 4673 unque
2497 4599 2845 4673 campanulato
2863 4614 2986 4651 con-

1233 4690 1474 4755 niventia,
1512 4688 1695 4745 exinde
1736 4688 1945 4744 incurvo
1983 4690 2218 4761 patentia,
2264 4689 2417 4746 fascia
2461 4690 2556 4743 lata
2591 4690 2743 4743 aurea
2784 4694 2982 4748 notatu

1122 4826 1129 4841 ,
1233 4780 1444 4835 stamina
1474 4797 1502 4833 e
1526 4778 1811 4853 perianthio
1838 4797 1938 4833 non
1962 4788 2205 4840 exserta..
2261 4823 2275 4834 .
2334 4823 2346 4835 .
2404 4821 2417 4834 .
2476 4820 2487 4831 .
2534 4800 2604 4828 τ.
2627 4779 2684 4832 L.
2714 4781 2980 4830 oneratum.

1027 2917 1062 2969 5

1029 3317 1063 3372 6

1035 3715 1064 3771 7

1030 4117 1065 4171 8

1036 4561 1070 4616 9

1113 4580 1127 4615 ἰ
